00578cas a22002171a 4500
001 9917737793502836
003 Nz
005 20161223172954.0
008 040107d1865uuuunz  r ne      0   0 eng d
035    $a (OCoLC)420953274
035    $a (Nz)8167896
035    $a (NLNZils)1773779-ilsdb
040    $a WN $c WN
042    $a nznb
043    $a u-nz---
245 00 $a Monthly record : $b a summary of New Zealand news for home readers.
260    $a Auckland [N.Z.]
310    $a Monthly
362 0  $a 1865 Jun.-?
651  0 $a New Zealand $v Newspapers.
655  7 $a New Zealand newspapers. $2 local $5 Nz
